<record><leader>00000cas a2200000 a 4500</leader><controlfield tag="001">19255110</controlfield><controlfield tag="008">890223c19389999tnuwr ne      0    0eng d</controlfield><datafield ind1=" " ind2=" " tag="010"><subfield code="a">sn 89058344 </subfield></datafield><datafield ind1=" " ind2=" " tag="040"><subfield code="a">KNP</subfield><subfield code="b">eng</subfield><subfield code="c">KNP</subfield><subfield code="d">TGN</subfield><subfield code="d">OCL</subfield><subfield code="d">OCLCQ</subfield><subfield code="d">OCLCF</subfield><subfield code="d">OCLCO</subfield></datafield><datafield ind1="1" ind2=" " tag="029"><subfield code="a">AU@</subfield><subfield code="b">000020541671</subfield></datafield><datafield ind1=" " ind2=" " tag="042"><subfield code="a">msc</subfield></datafield><datafield ind1=" " ind2=" " tag="043"><subfield code="a">n-us-tn</subfield></datafield><datafield ind1="0" ind2=" " tag="130"><subfield code="a">Jasper journal (Jasper, Tenn.)</subfield></datafield><datafield ind1="1" ind2="4" tag="245"><subfield code="a">The Jasper journal.</subfield></datafield><datafield ind1=" " ind2=" " tag="260"><subfield code="a">Jasper, Tenn. :</subfield><subfield code="b">Gene D. Robinson,</subfield><subfield code="c">1938-</subfield></datafield><datafield ind1=" " ind2=" " tag="300"><subfield code="a">v. :</subfield><subfield code="b">ill.</subfield></datafield><datafield ind1=" " ind2=" " tag="310"><subfield code="a">Weekly</subfield></datafield><datafield ind1="0" ind2=" " tag="362"><subfield code="a">Vol. 1, no. 1 (Feb. 17, 1938)-</subfield></datafield><datafield ind1=" " ind2=" " tag="500"><subfield code="a">Publishers: Gene D. Robinson, 1938; Roland Reed, 1938-1991; Helen Reed, 1991-1992; Jim Webster, 1992-1995; Allen Kirk, 1995-1997; Bill Hoch, 1997-</subfield></datafield><datafield ind1=" " ind2=" " tag="580"><subfield code="a">Published separate supplement: Marion County Sunday journal, Sept. 5, 1993-&lt;Jan. 1995&gt;.</subfield></datafield><datafield ind1=" " ind2="0" tag="651"><subfield code="a">Jasper (Tenn.)</subfield><subfield code="v">Newspapers.</subfield></datafield><datafield ind1=" " ind2="0" tag="651"><subfield code="a">Marion County (Tenn.)</subfield><subfield code="v">Newspapers.</subfield></datafield><datafield ind1=" " ind2="7" tag="655"><subfield code="a">Newspapers.</subfield><subfield code="2">fast</subfield><subfield code="0">(OCoLC)fst01423814</subfield></datafield><datafield ind1=" " ind2="7" tag="651"><subfield code="a">Tennessee</subfield><subfield code="z">Jasper.</subfield><subfield code="2">fast</subfield><subfield code="0">(OCoLC)fst01231869</subfield></datafield><datafield ind1=" " ind2="7" tag="651"><subfield code="a">Tennessee</subfield><subfield code="z">Marion County.</subfield><subfield code="2">fast</subfield><subfield code="0">(OCoLC)fst01224657</subfield></datafield><datafield ind1=" " ind2=" " tag="752"><subfield code="a">United States</subfield><subfield code="b">Tennessee</subfield><subfield code="c">Marion</subfield><subfield code="d">Jasper.</subfield></datafield><datafield ind1="1" ind2=" " tag="787"><subfield code="t">Marion County Sunday journal</subfield><subfield code="g">Sept. 5, 1993-&lt;Jan 1995&gt;</subfield><subfield code="w">(DLC)sn 00063925</subfield></datafield></record>